@misc{MetricSpaces,
  author = {P. Karageorgis},
  title = {Chapter 1. Metric spaces. Proofs covered in class},
  howpublished = "\url{https://www.maths.tcd.ie/~pete/ma2223/proofs1.pdf}"
}

@misc{FunctionSpaces,
  author = {G. N. Yákovlev},
  year = {2000},
  title = {Function spaces},
  howpublished = "\url{https://mipt.ru/education/chair/mathematics/upload/fe8/yakovlev_fs-arph0c00ija.pdf}",
}

@misc{PicardNotes,
  author = {Denise Gutermuth},
  title = {Picard’s Existence and Uniqueness Theorem},
  howpublished = "\url{https://ptolemy.berkeley.edu/projects/embedded/eecsx44/lectures/Spring2013/Picard.pdf}",
}
